,id,price,qty,quoteQty,time,isBuyerMaker,isBestMatch
0,24960063,0.74800000,10.24000000,7.65952000,1718096569393,False,True
1,24960064,0.74800000,14.00000000,10.47200000,1718096574773,False,True
2,24960065,0.74700000,41.21000000,30.78387000,1718096578422,True,True
3,24960066,0.74700000,529.50000000,395.53650000,1718096585937,True,True
4,24960067,0.74800000,67.19000000,50.25812000,1718096588601,False,True
5,24960068,0.74800000,20.83000000,15.58084000,1718096589933,False,True
6,24960069,0.74700000,20.21000000,15.09687000,1718096595149,True,True
7,24960070,0.74800000,1336.89000000,999.99372000,1718096595622,False,True
8,24960071,0.74800000,82.63000000,61.80724000,1718096596143,False,True
9,24960072,0.74700000,201.00000000,150.14700000,1718096596473,True,True
10,24960073,0.74700000,170.40000000,127.28880000,1718096596473,True,True
11,24960074,0.74700000,3348.15000000,2501.06805000,1718096596473,True,True
12,24960075,0.74700000,13.36000000,9.97992000,1718096596473,True,True
13,24960076,0.74700000,27.78000000,20.75166000,1718096596473,True,True
14,24960077,0.74700000,7.34000000,5.48298000,1718096596473,True,True
15,24960078,0.74700000,58.00000000,43.32600000,1718096596473,True,True
16,24960079,0.74700000,62.00000000,46.31400000,1718096596473,True,True
17,24960080,0.74700000,62.00000000,46.31400000,1718096596473,True,True
18,24960081,0.74700000,115.00000000,85.90500000,1718096596473,True,True
19,24960082,0.74700000,124.00000000,92.62800000,1718096596473,True,True
20,24960083,0.74700000,172.00000000,128.48400000,1718096596473,True,True
21,24960084,0.74700000,124.00000000,92.62800000,1718096596473,True,True
22,24960085,0.74700000,189.00000000,141.18300000,1718096596473,True,True
23,24960086,0.74700000,61.00000000,45.56700000,1718096596473,True,True
24,24960087,0.74700000,188.00000000,140.43600000,1718096596473,True,True
25,24960088,0.74700000,61.00000000,45.56700000,1718096596473,True,True
26,24960089,0.74700000,37.00000000,27.63900000,1718096596473,True,True
27,24960090,0.74700000,62.00000000,46.31400000,1718096596473,True,True
28,24960091,0.74700000,10.67000000,7.97049000,1718096596473,True,True
29,24960092,0.74700000,14.49000000,10.82403000,1718096596473,True,True
30,24960093,0.74700000,2376.23000000,1775.04381000,1718096596473,True,True
31,24960094,0.74700000,43.90000000,32.79330000,1718096596473,True,True
32,24960095,0.74700000,29.78000000,22.24566000,1718096596473,True,True
33,24960096,0.74700000,7.25000000,5.41575000,1718096596473,True,True
34,24960097,0.74700000,281.29000000,210.12363000,1718096596473,True,True
35,24960098,0.74700000,130.28000000,97.31916000,1718096596473,True,True
36,24960099,0.74700000,389.50000000,290.95650000,1718096596473,True,True
37,24960100,0.74700000,58.15000000,43.43805000,1718096611464,False,True
38,24960101,0.74700000,250.85000000,187.38495000,1718096611851,False,True
39,24960102,0.74700000,58.15000000,43.43805000,1718096611908,False,True
40,24960103,0.74700000,58.00000000,43.32600000,1718096613228,False,True
41,24960104,0.74600000,239.52000000,178.68192000,1718096620950,True,True
42,24960105,0.74700000,249.61000000,186.45867000,1718096625746,False,True
43,24960106,0.74700000,17.76000000,13.26672000,1718096625746,False,True
44,24960107,0.74600000,339.54000000,253.29684000,1718096628869,True,True
45,24960108,0.74600000,1332.79000000,994.26134000,1718096628869,True,True
46,24960109,0.74700000,22.10000000,16.50870000,1718096637047,False,True
47,24960110,0.74700000,40.97000000,30.60459000,1718096640329,False,True
48,24960111,0.74600000,478.43000000,356.90878000,1718096640935,True,True
49,24960112,0.74600000,181.92000000,135.71232000,1718096640935,True,True
50,24960113,0.74700000,44.74000000,33.42078000,1718096642636,False,True
51,24960114,0.74600000,223.03000000,166.38038000,1718096652340,True,True
52,24960115,0.74700000,343.49000000,256.58703000,1718096661977,False,True
53,24960116,0.74600000,631.07000000,470.77822000,1718096669957,True,True
54,24960117,0.74700000,535.47000000,399.99609000,1718096669963,False,True
55,24960118,0.74700000,12.20000000,9.11340000,1718096671249,False,True
56,24960119,0.74600000,361.60000000,269.75360000,1718096675946,True,True
57,24960120,0.74600000,413.60000000,308.54560000,1718096676943,True,True
58,24960121,0.74600000,586.40000000,437.45440000,1718096676943,True,True
59,24960122,0.74600000,576.38000000,429.97948000,1718096676945,True,True
60,24960123,0.74600000,3352.64000000,2501.06944000,1718096676945,True,True
61,24960124,0.74600000,536.19000000,399.99774000,1718096676945,True,True
62,24960125,0.74600000,13.40000000,9.99640000,1718096676945,True,True
63,24960126,0.74600000,13.38000000,9.98148000,1718096676945,True,True
64,24960127,0.74600000,12.41000000,9.25786000,1718096676945,True,True
65,24960128,0.74600000,372.90000000,278.18340000,1718096676945,True,True
66,24960129,0.74600000,58.00000000,43.26800000,1718096676945,True,True
67,24960130,0.74600000,172.00000000,128.31200000,1718096676945,True,True
68,24960131,0.74600000,115.00000000,85.79000000,1718096676945,True,True
69,24960132,0.74600000,10.73000000,8.00458000,1718096677591,False,True
70,24960133,0.74600000,10.86000000,8.10156000,1718096681958,False,True
71,24960134,0.74500000,457.57000000,340.88965000,1718096687072,True,True
72,24960135,0.74500000,33.55000000,24.99475000,1718096687072,True,True
73,24960136,0.74500000,22.40000000,16.68800000,1718096687072,True,True
74,24960137,0.74500000,118.60000000,88.35700000,1718096687072,True,True
75,24960138,0.74600000,67.02000000,49.99692000,1718096687921,False,True
76,24960139,0.74600000,67.02000000,49.99692000,1718096694145,False,True
77,24960140,0.74600000,241.92000000,180.47232000,1718096698500,False,True
78,24960141,0.74600000,2156.40000000,1608.67440000,1718096700329,False,True
79,24960142,0.74600000,1162.78000000,867.43388000,1718096700329,False,True
80,24960143,0.74600000,1808.79000000,1349.35734000,1718096700329,False,True
81,24960144,0.74600000,674.76000000,503.37096000,1718096700329,False,True
82,24960145,0.74600000,695.02000000,518.48492000,1718096700329,False,True
83,24960146,0.74600000,13.36000000,9.96656000,1718096700329,False,True
84,24960147,0.74600000,11.32000000,8.44472000,1718096700329,False,True
85,24960148,0.74600000,13.38000000,9.98148000,1718096700329,False,True
86,24960149,0.74600000,15.59000000,11.63014000,1718096700329,False,True
87,24960150,0.74600000,786.49000000,586.72154000,1718096700329,False,True
88,24960151,0.74600000,658.33000000,491.11418000,1718096700329,False,True
89,24960152,0.74600000,7.34000000,5.47564000,1718096700329,False,True
90,24960153,0.74600000,185.34000000,138.26364000,1718096700329,False,True
91,24960154,0.74600000,365.94000000,272.99124000,1718096700329,False,True
92,24960155,0.74600000,102.64000000,76.56944000,1718096700329,False,True
93,24960156,0.74600000,527.33000000,393.38818000,1718096715948,True,True
94,24960157,0.74600000,42.17000000,31.45882000,1718096716866,True,True
95,24960158,0.74700000,30.00000000,22.41000000,1718096726078,False,True
96,24960159,0.74700000,9.36000000,6.99192000,1718096733033,False,True
97,24960160,0.74700000,93.37000000,69.74739000,1718096736454,False,True
98,24960161,0.74700000,656.91000000,490.71177000,1718096736704,False,True
99,24960162,0.74700000,1806.37000000,1349.35839000,1718096736704,False,True
100,24960163,0.74700000,2058.09000000,1537.39323000,1718096736704,False,True
101,24960164,0.74700000,1237.42000000,924.35274000,1718096736704,False,True
102,24960165,0.74700000,1162.78000000,868.59666000,1718096736704,False,True
103,24960166,0.74700000,1031.24000000,770.33628000,1718096736704,False,True
104,24960167,0.74700000,1000.00000000,747.00000000,1718096736704,False,True
105,24960168,0.74700000,640.59000000,478.52073000,1718096736704,False,True
106,24960169,0.74700000,84.19000000,62.88993000,1718096736704,False,True
107,24960170,0.74700000,401.87000000,300.19689000,1718096736704,False,True
108,24960171,0.74700000,630.04000000,470.63988000,1718096736704,False,True
109,24960172,0.74700000,1800.00000000,1344.60000000,1718096738027,False,True
110,24960173,0.74700000,115.00000000,85.90500000,1718096738027,False,True
111,24960174,0.74700000,829.57000000,619.68879000,1718096738027,False,True
112,24960175,0.74700000,28.10000000,20.99070000,1718096738027,False,True
113,24960176,0.74700000,400.80000000,299.39760000,1718096738027,False,True
114,24960177,0.74700000,439.58000000,328.36626000,1718096740495,True,True
115,24960178,0.74700000,723.20000000,540.23040000,1718096742874,True,True
116,24960179,0.74700000,2117.95000000,1582.10865000,1718096742874,True,True
117,24960180,0.74700000,38.45000000,28.72215000,1718096742878,True,True
118,24960181,0.74700000,674.76000000,504.04572000,1718096742878,True,True
119,24960182,0.74700000,753.01000000,562.49847000,1718096742878,True,True
120,24960183,0.74700000,3348.15000000,2501.06805000,1718096742878,True,True
121,24960184,0.74700000,13.36000000,9.97992000,1718096742878,True,True
122,24960185,0.74700000,658.33000000,491.77251000,1718096742878,True,True
123,24960186,0.74700000,172.00000000,128.48400000,1718096742878,True,True
124,24960187,0.74700000,115.00000000,85.90500000,1718096742878,True,True
125,24960188,0.74700000,12.31000000,9.19557000,1718096742878,True,True
126,24960189,0.74700000,347.51000000,259.58997000,1718096742923,False,True
127,24960190,0.74700000,201.00000000,150.14700000,1718096742923,False,True
128,24960191,0.74700000,1162.78000000,868.59666000,1718096742923,False,True
129,24960192,0.74700000,13.36000000,9.97992000,1718096742923,False,True
130,24960193,0.74700000,66.97000000,50.02659000,1718096742923,False,True
131,24960194,0.74800000,1210.17000000,905.20716000,1718096743211,False,True
132,24960195,0.74800000,4004.47000000,2995.34356000,1718096743212,False,True
133,24960196,0.74800000,300.07000000,224.45236000,1718096743212,False,True
134,24960197,0.74800000,1000.00000000,748.00000000,1718096743212,False,True
135,24960198,0.74800000,198.95000000,148.81460000,1718096743212,False,True
136,24960199,0.74800000,94.59000000,70.75332000,1718096743212,False,True
137,24960200,0.74800000,158.65000000,118.67020000,1718096743212,False,True
138,24960201,0.74800000,401.33000000,300.19484000,1718096743212,False,True
139,24960202,0.74800000,658.33000000,492.43084000,1718096743212,False,True
140,24960203,0.74800000,3083.98000000,2306.81704000,1718096743212,False,True
141,24960204,0.74800000,2064.00000000,1543.87200000,1718096748668,False,True
142,24960205,0.74800000,874.65000000,654.23820000,1718096748674,False,True
143,24960206,0.74800000,157.35000000,117.69780000,1718096748674,False,True
144,24960207,0.74800000,33.30000000,24.90840000,1718096748684,False,True
145,24960208,0.74800000,674.76000000,504.72048000,1718096749179,True,True
146,24960209,0.74800000,461.48000000,345.18704000,1718096749179,True,True
147,24960210,0.74800000,1959.76000000,1465.90048000,1718096749179,True,True
148,24960211,0.74800000,196.64000000,147.08672000,1718096749182,True,True
149,24960212,0.74800000,835.36000000,624.84928000,1718096749182,True,True
150,24960213,0.74800000,300.00000000,224.40000000,1718096749244,True,True
151,24960214,0.74800000,1237.42000000,925.59016000,1718096749514,True,True
152,24960215,0.74800000,1031.24000000,771.36752000,1718096749514,True,True
153,24960216,0.74800000,13.35000000,9.98580000,1718096749514,True,True
154,24960217,0.74800000,3343.67000000,2501.06516000,1718096749514,True,True
155,24960218,0.74700000,1808.79000000,1351.16613000,1718096764107,True,True
156,24960219,0.74700000,1162.78000000,868.59666000,1718096764107,True,True
157,24960220,0.74700000,2156.40000000,1610.83080000,1718096764107,True,True
158,24960221,0.74700000,376.50000000,281.24550000,1718096764107,True,True
159,24960222,0.74700000,3348.15000000,2501.06805000,1718096764107,True,True
160,24960223,0.74700000,130.16000000,97.22952000,1718096764107,True,True
161,24960224,0.74700000,13.36000000,9.97992000,1718096764107,True,True
162,24960225,0.74700000,408.20000000,304.92540000,1718096764107,True,True
163,24960226,0.74700000,15.22000000,11.36934000,1718096764107,True,True
164,24960227,0.74700000,247.47000000,184.86009000,1718096768136,False,True
165,24960228,0.74700000,676.28000000,505.18116000,1718096768700,False,True
166,24960229,0.74700000,674.76000000,504.04572000,1718096768700,False,True
167,24960230,0.74700000,923.75000000,690.04125000,1718096768700,False,True
168,24960231,0.74700000,1135.36000000,848.11392000,1718096768700,False,True
169,24960232,0.74700000,257.69000000,192.49443000,1718096768700,False,True
170,24960233,0.74700000,1898.71000000,1418.33637000,1718096768700,False,True
171,24960234,0.74700000,13.35000000,9.97245000,1718096768700,False,True
172,24960235,0.74700000,13.36000000,9.97992000,1718096768700,False,True
173,24960236,0.74700000,172.00000000,128.48400000,1718096768700,False,True
174,24960237,0.74700000,115.00000000,85.90500000,1718096768700,False,True
175,24960238,0.74700000,111.29000000,83.13363000,1718096768700,False,True
176,24960239,0.74700000,18.71000000,13.97637000,1718096768700,False,True
177,24960240,0.74700000,250.60000000,187.19820000,1718096770465,True,True
178,24960241,0.74700000,8.31000000,6.20757000,1718096778167,True,True
179,24960242,0.74700000,315.37000000,235.58139000,1718096780934,True,True
180,24960243,0.74800000,78.87000000,58.99476000,1718096783840,False,True
181,24960244,0.74700000,25.27000000,18.87669000,1718096784174,True,True
182,24960245,0.74800000,467.91000000,349.99668000,1718096792020,False,True
183,24960246,0.74800000,376.97000000,281.97356000,1718096795756,False,True
184,24960247,0.74800000,913.82000000,683.53736000,1718096795756,False,True
185,24960248,0.74800000,86.18000000,64.46264000,1718096800528,False,True
186,24960249,0.74800000,108.79000000,81.37492000,1718096800528,False,True
187,24960250,0.74800000,133.68000000,99.99264000,1718096801424,False,True
188,24960251,0.74700000,661.14000000,493.87158000,1718096805938,True,True
189,24960252,0.74800000,17.37000000,12.99276000,1718096806837,False,True
190,24960253,0.74800000,13.40000000,10.02320000,1718096810829,False,True
191,24960254,0.74800000,335.56000000,250.99888000,1718096816062,False,True
192,24960255,0.74800000,17.88000000,13.37424000,1718096817019,False,True
193,24960256,0.74800000,238.97000000,178.74956000,1718096826322,False,True
194,24960257,0.74800000,73.30000000,54.82840000,1718096826817,False,True
195,24960258,0.74800000,1006.66000000,752.98168000,1718096827273,False,True
196,24960259,0.74700000,19.95000000,14.90265000,1718096835730,True,True
197,24960260,0.74800000,68.71000000,51.39508000,1718096837532,False,True
198,24960261,0.74800000,13.37000000,10.00076000,1718096844629,False,True
199,24960262,0.74700000,528.15000000,394.52805000,1718096845632,True,True
200,24960263,0.74700000,184.93000000,138.14271000,1718096845632,True,True
201,24960264,0.74700000,45.81000000,34.22007000,1718096850933,True,True
202,24960265,0.74700000,257.69000000,192.49443000,1718096850933,True,True
203,24960266,0.74700000,149.12000000,111.39264000,1718096850933,True,True
204,24960267,0.74700000,1013.66000000,757.20402000,1718096852762,True,True
205,24960268,0.74700000,13.36000000,9.97992000,1718096852762,True,True
206,24960269,0.74700000,3348.15000000,2501.06805000,1718096852762,True,True
207,24960270,0.74700000,20.08000000,14.99976000,1718096852762,True,True
208,24960271,0.74700000,22.14000000,16.53858000,1718096852762,True,True
209,24960272,0.74700000,2673.79000000,1997.32113000,1718096852762,True,True
210,24960273,0.74700000,133.86000000,99.99342000,1718096852762,True,True
211,24960274,0.74700000,34.63000000,25.86861000,1718096852762,True,True
212,24960275,0.74700000,409.30000000,305.74710000,1718096852762,True,True
213,24960276,0.74700000,2398.38000000,1791.58986000,1718096852762,True,True
214,24960277,0.74700000,658.33000000,491.77251000,1718096852762,True,True
215,24960278,0.74700000,69.93000000,52.23771000,1718096852762,True,True
216,24960279,0.74700000,186.50000000,139.31550000,1718096852766,False,True
217,24960280,0.74700000,67.06000000,50.09382000,1718096852849,False,True
218,24960281,0.74600000,69.80000000,52.07080000,1718096861562,True,True
219,24960282,0.74600000,20.11000000,15.00206000,1718096867700,True,True
220,24960283,0.74700000,160.62000000,119.98314000,1718096868201,False,True
221,24960284,0.74700000,267.73000000,199.99431000,1718096869391,False,True
222,24960285,0.74700000,179.35000000,133.97445000,1718096880332,False,True
223,24960286,0.74700000,1764.03000000,1317.73041000,1718096880332,False,True
224,24960287,0.74700000,1162.78000000,868.59666000,1718096880332,False,True
225,24960288,0.74700000,386.40000000,288.64080000,1718096880332,False,True
226,24960289,0.74700000,159.11000000,118.85517000,1718096880332,False,True
227,24960290,0.74700000,8.85000000,6.61095000,1718096885742,False,True
228,24960291,0.74700000,12.93000000,9.65871000,1718096892995,False,True
229,24960292,0.74600000,39.90000000,29.76540000,1718096894603,True,True
230,24960293,0.74600000,412.05000000,307.38930000,1718096895941,True,True
231,24960294,0.74600000,31.55000000,23.53630000,1718096900979,True,True
232,24960295,0.74600000,260.37000000,194.23602000,1718096902038,True,True
233,24960296,0.74600000,670.24000000,499.99904000,1718096905793,True,True
234,24960297,0.74700000,8.86000000,6.61842000,1718096909137,False,True
235,24960298,0.74700000,504.37000000,376.76439000,1718096913331,False,True
236,24960299,0.74700000,165.63000000,123.72561000,1718096913331,False,True
237,24960300,0.74600000,79.40000000,59.23240000,1718096918592,True,True
238,24960301,0.74600000,592.88000000,442.28848000,1718096930935,True,True
239,24960302,0.74700000,10.01000000,7.47747000,1718096933145,False,True
240,24960303,0.74600000,20.32000000,15.15872000,1718096937187,True,True
241,24960304,0.74600000,63.30000000,47.22180000,1718096939157,True,True
242,24960305,0.74700000,20.94000000,15.64218000,1718096940318,False,True
243,24960306,0.74700000,17.36000000,12.96792000,1718096946181,False,True
244,24960307,0.74600000,1000.00000000,746.00000000,1718096950229,True,True
245,24960308,0.74600000,3352.64000000,2501.06944000,1718096950229,True,True
246,24960309,0.74600000,9.00000000,6.71400000,1718096950229,True,True
247,24960310,0.74600000,241.28000000,179.99488000,1718096950229,True,True
248,24960311,0.74600000,13.38000000,9.98148000,1718096950229,True,True
249,24960312,0.74600000,7.03000000,5.24438000,1718096950229,True,True
250,24960313,0.74600000,196.45000000,146.55170000,1718096950229,True,True
251,24960314,0.74600000,10101.00000000,7535.34600000,1718096950229,True,True
252,24960315,0.74600000,299.47000000,223.40462000,1718096950229,True,True
253,24960316,0.74500000,181.40000000,135.14300000,1718096950229,True,True
254,24960317,0.74500000,11.51000000,8.57495000,1718096950229,True,True
255,24960318,0.74500000,347.23000000,258.68635000,1718096950229,True,True
256,24960319,0.74500000,10.03000000,7.47235000,1718096950229,True,True
257,24960320,0.74500000,20.43000000,15.22035000,1718096950229,True,True
258,24960321,0.74500000,1342.28000000,999.99860000,1718096950229,True,True
259,24960322,0.74500000,14.23000000,10.60135000,1718096950229,True,True
260,24960323,0.74500000,201.29000000,149.96105000,1718096950229,True,True
261,24960324,0.74500000,8.10000000,6.03450000,1718096950229,True,True
262,24960325,0.74500000,130.03000000,96.87235000,1718096950229,True,True
263,24960326,0.74500000,5000.00000000,3725.00000000,1718096950229,True,True
264,24960327,0.74500000,119.72000000,89.19140000,1718096950229,True,True
265,24960328,0.74500000,54.98000000,40.96010000,1718096950229,True,True
266,24960329,0.74500000,3352.99000000,2497.97755000,1718096950229,True,True
267,24960330,0.74500000,51.00000000,37.99500000,1718096950229,True,True
268,24960331,0.74500000,686.77000000,511.64365000,1718096950229,True,True
269,24960332,0.74500000,658.33000000,490.45585000,1718096950229,True,True
270,24960333,0.74500000,627.95000000,467.82275000,1718096950229,True,True
271,24960334,0.74500000,404.95000000,301.68775000,1718096950229,True,True
272,24960335,0.74500000,2633.31000000,1961.81595000,1718096950229,True,True
273,24960336,0.74500000,1461.83000000,1089.06335000,1718096950229,True,True
274,24960337,0.74500000,2557.41000000,1905.27045000,1718096950229,True,True
275,24960338,0.74600000,10.45000000,7.79570000,1718096950749,False,True
276,24960339,0.74500000,32.18000000,23.97410000,1718096954362,True,True
277,24960340,0.74600000,266.31000000,198.66726000,1718096962704,False,True
278,24960341,0.74500000,950.00000000,707.75000000,1718096971085,True,True
279,24960342,0.74600000,20.87000000,15.56902000,1718096977975,False,True
280,24960343,0.74500000,10.68000000,7.95660000,1718096980964,True,True
281,24960344,0.74600000,88.77000000,66.22242000,1718096983604,False,True
282,24960345,0.74600000,11.76000000,8.77296000,1718096983604,False,True
283,24960346,0.74500000,457.58000000,340.89710000,1718096985438,True,True
284,24960347,0.74600000,120.64000000,89.99744000,1718096987579,False,True
285,24960348,0.74500000,438.02000000,326.32490000,1718096990933,True,True
286,24960349,0.74500000,482.31000000,359.32095000,1718096995010,True,True
287,24960350,0.74500000,165.25000000,123.11125000,1718097013452,True,True
288,24960351,0.74500000,446.17000000,332.39665000,1718097015944,True,True
289,24960352,0.74500000,55.86000000,41.61570000,1718097017970,True,True
290,24960353,0.74500000,56.24000000,41.89880000,1718097025845,True,True
291,24960354,0.74500000,397.05000000,295.80225000,1718097035934,True,True
292,24960355,0.74500000,751.25000000,559.68125000,1718097045962,True,True
293,24960356,0.74500000,106.91000000,79.64795000,1718097045962,True,True
294,24960357,0.74500000,201.34000000,149.99830000,1718097045962,True,True
295,24960358,0.74500000,1000.00000000,745.00000000,1718097045962,True,True
296,24960359,0.74500000,800.50000000,596.37250000,1718097045962,True,True
297,24960360,0.74500000,78.45000000,58.44525000,1718097060330,True,True
298,24960361,0.74600000,12.19000000,9.09374000,1718097065774,False,True
299,24960362,0.74500000,436.05000000,324.85725000,1718097065935,True,True
300,24960363,0.74500000,14.42000000,10.74290000,1718097074353,True,True
301,24960364,0.74500000,7.81000000,5.81845000,1718097082665,True,True
302,24960365,0.74500000,53.41000000,39.79045000,1718097082730,True,True
303,24960366,0.74500000,410.63000000,305.91935000,1718097085935,True,True
304,24960367,0.74600000,1018.19000000,759.56974000,1718097089652,False,True
305,24960368,0.74600000,322.29000000,240.42834000,1718097089652,False,True
306,24960369,0.74500000,10.00000000,7.45000000,1718097100321,True,True
307,24960370,0.74500000,642.77000000,478.86365000,1718097100935,True,True
308,24960371,0.74600000,67.02000000,49.99692000,1718097104778,False,True
309,24960372,0.74600000,67.02000000,49.99692000,1718097122499,False,True
310,24960373,0.74600000,1340.48000000,999.99808000,1718097127106,False,True
311,24960374,0.74600000,11.00000000,8.20600000,1718097127364,False,True
312,24960375,0.74500000,13.40000000,9.98300000,1718097134621,True,True
313,24960376,0.74500000,29.33000000,21.85085000,1718097134621,True,True
314,24960377,0.74500000,517.47000000,385.51515000,1718097135946,True,True
315,24960378,0.74600000,134.04000000,99.99384000,1718097141128,False,True
316,24960379,0.74600000,1506.34000000,1123.72964000,1718097144652,False,True
317,24960380,0.74600000,1067.44000000,796.31024000,1718097147403,False,True
318,24960381,0.74600000,16.23000000,12.10758000,1718097152777,False,True
319,24960382,0.74500000,8.09000000,6.02705000,1718097152865,True,True
320,24960383,0.74500000,17.24000000,12.84380000,1718097160049,True,True
321,24960384,0.74500000,52.73000000,39.28385000,1718097168534,True,True
322,24960385,0.74500000,552.82000000,411.85090000,1718097170934,True,True
323,24960386,0.74600000,2650.64000000,1977.37744000,1718097175563,False,True
324,24960387,0.74500000,572.46000000,426.48270000,1718097189265,True,True
325,24960388,0.74600000,1669.95000000,1245.78270000,1718097190105,False,True
326,24960389,0.74600000,6.70000000,4.99820000,1718097201109,False,True
327,24960390,0.74500000,520.80000000,387.99600000,1718097205291,True,True
328,24960391,0.74500000,165.97000000,123.64765000,1718097210935,True,True
329,24960392,0.74500000,65.70000000,48.94650000,1718097210935,True,True
330,24960393,0.74500000,501.80000000,373.84100000,1718097240935,True,True
331,24960394,0.74500000,702.57000000,523.41465000,1718097243088,True,True
332,24960395,0.74500000,2013.42000000,1499.99790000,1718097243088,True,True
333,24960396,0.74500000,397.55000000,296.17475000,1718097243088,True,True
334,24960397,0.74500000,402.41000000,299.79545000,1718097243088,True,True
335,24960398,0.74500000,2908.66000000,2166.95170000,1718097243088,True,True
336,24960399,0.74500000,482.00000000,359.09000000,1718097243088,True,True
337,24960400,0.74500000,188.00000000,140.06000000,1718097243088,True,True
338,24960401,0.74500000,124.00000000,92.38000000,1718097243088,True,True
339,24960402,0.74500000,62.00000000,46.19000000,1718097243088,True,True
340,24960403,0.74500000,189.00000000,140.80500000,1718097243088,True,True
341,24960404,0.74500000,37.00000000,27.56500000,1718097243088,True,True
342,24960405,0.74500000,124.00000000,92.38000000,1718097243088,True,True
343,24960406,0.74500000,62.00000000,46.19000000,1718097243088,True,True
344,24960407,0.74500000,61.00000000,45.44500000,1718097243088,True,True
345,24960408,0.74500000,61.00000000,45.44500000,1718097243088,True,True
346,24960409,0.74500000,19.19000000,14.29655000,1718097243088,True,True
347,24960410,0.74500000,2439.76000000,1817.62120000,1718097243088,True,True
348,24960411,0.74500000,2717.39000000,2024.45555000,1718097243088,True,True
349,24960412,0.74500000,128.00000000,95.36000000,1718097243088,True,True
350,24960413,0.74500000,128.00000000,95.36000000,1718097243088,True,True
351,24960414,0.74500000,32.00000000,23.84000000,1718097243088,True,True
352,24960415,0.74500000,64.00000000,47.68000000,1718097243088,True,True
353,24960416,0.74500000,77.00000000,57.36500000,1718097243088,True,True
354,24960417,0.74500000,257.00000000,191.46500000,1718097243088,True,True
355,24960418,0.74500000,193.00000000,143.78500000,1718097243088,True,True
356,24960419,0.74500000,141.48000000,105.40260000,1718097243088,True,True
357,24960420,0.74500000,50.52000000,37.63740000,1718097243088,True,True
358,24960421,0.74500000,192.00000000,143.04000000,1718097243088,True,True
359,24960422,0.74500000,64.00000000,47.68000000,1718097243088,True,True
360,24960423,0.74500000,128.00000000,95.36000000,1718097243088,True,True
361,24960424,0.74500000,3353.00000000,2497.98500000,1718097243088,True,True
362,24960425,0.74500000,686.77000000,511.64365000,1718097243088,True,True
363,24960426,0.74500000,11.40000000,8.49300000,1718097243088,True,True
364,24960427,0.74500000,7.77000000,5.78865000,1718097243088,True,True
365,24960428,0.74500000,13.07000000,9.73715000,1718097243088,True,True
366,24960429,0.74500000,1350.48000000,1006.10760000,1718097243088,True,True
367,24960430,0.74500000,58.00000000,43.21000000,1718097243088,True,True
368,24960431,0.74500000,172.00000000,128.14000000,1718097243088,True,True
369,24960432,0.74500000,115.00000000,85.67500000,1718097243088,True,True
370,24960433,0.74500000,58.00000000,43.21000000,1718097243088,True,True
371,24960434,0.74500000,62.00000000,46.19000000,1718097243088,True,True
372,24960435,0.74500000,173.00000000,128.88500000,1718097243088,True,True
373,24960436,0.74500000,115.00000000,85.67500000,1718097243088,True,True
374,24960437,0.74500000,116.00000000,86.42000000,1718097243088,True,True
375,24960438,0.74500000,837.16000000,623.68420000,1718097243088,True,True
376,24960439,0.74500000,635.07000000,473.12715000,1718097243088,True,True
377,24960440,0.74500000,620.92000000,462.58540000,1718097243088,True,True
378,24960441,0.74500000,148.05000000,110.29725000,1718097243088,True,True
379,24960442,0.74500000,804.88000000,599.63560000,1718097243088,True,True
380,24960443,0.74400000,500.00000000,372.00000000,1718097243093,True,True
381,24960444,0.74500000,7.96000000,5.93020000,1718097243913,False,True
382,24960445,0.74500000,20.87000000,15.54815000,1718097263642,False,True
383,24960446,0.74400000,5.51000000,4.09944000,1718097264052,True,True
384,24960447,0.74400000,27.91000000,20.76504000,1718097264052,True,True
385,24960448,0.74400000,657.39000000,489.09816000,1718097265935,True,True
386,24960449,0.74500000,81.68000000,60.85160000,1718097268018,False,True
387,24960450,0.74500000,134.22000000,99.99390000,1718097269314,False,True
388,24960451,0.74400000,651.50000000,484.71600000,1718097289634,True,True
389,24960452,0.74400000,1048.50000000,780.08400000,1718097289634,True,True
390,24960453,0.74400000,114.28000000,85.02432000,1718097295937,True,True
391,24960454,0.74400000,565.89000000,421.02216000,1718097295937,True,True
392,24960455,0.74500000,20.87000000,15.54815000,1718097296644,False,True
393,24960456,0.74400000,10.98000000,8.16912000,1718097300090,True,True
394,24960457,0.74400000,7.68000000,5.71392000,1718097300090,True,True
395,24960458,0.74400000,7.32000000,5.44608000,1718097300090,True,True
396,24960459,0.74400000,45.46000000,33.82224000,1718097300090,True,True
397,24960460,0.74400000,37.27000000,27.72888000,1718097300090,True,True
398,24960461,0.74400000,16.15000000,12.01560000,1718097300090,True,True
399,24960462,0.74400000,7.26000000,5.40144000,1718097300090,True,True
400,24960463,0.74400000,13.44000000,9.99936000,1718097300090,True,True
401,24960464,0.74400000,1821.78000000,1355.40432000,1718097300090,True,True
402,24960465,0.74400000,1000.00000000,744.00000000,1718097300090,True,True
403,24960466,0.74400000,201.61000000,149.99784000,1718097300097,True,True
404,24960467,0.74400000,8.17000000,6.07848000,1718097300097,True,True
405,24960468,0.74400000,1808.79000000,1345.73976000,1718097300097,True,True
406,24960469,0.74400000,173.53000000,129.10632000,1718097300191,False,True
407,24960470,0.74400000,1162.78000000,865.10832000,1718097300191,False,True
408,24960471,0.74400000,728.59000000,542.07096000,1718097300191,False,True
409,24960472,0.74400000,1427.81000000,1062.29064000,1718097300195,False,True
410,24960473,0.74400000,300.40000000,223.49760000,1718097300195,False,True
411,24960474,0.74400000,10101.00000000,7515.14400000,1718097300195,False,True
412,24960475,0.74400000,201.20000000,149.69280000,1718097300195,False,True
413,24960476,0.74400000,13.36000000,9.93984000,1718097300195,False,True
414,24960477,0.74400000,13.40000000,9.96960000,1718097300195,False,True
415,24960478,0.74400000,13.38000000,9.95472000,1718097300195,False,True
416,24960479,0.74400000,21.49000000,15.98856000,1718097300195,False,True
417,24960480,0.74400000,789.91000000,587.69304000,1718097300195,False,True
418,24960481,0.74400000,62.00000000,46.12800000,1718097300195,False,True
419,24960482,0.74400000,115.00000000,85.56000000,1718097300195,False,True
420,24960483,0.74400000,58.00000000,43.15200000,1718097300195,False,True
421,24960484,0.74400000,116.00000000,86.30400000,1718097300195,False,True
422,24960485,0.74400000,172.00000000,127.96800000,1718097300195,False,True
423,24960486,0.74400000,115.00000000,85.56000000,1718097300195,False,True
424,24960487,0.74400000,58.00000000,43.15200000,1718097300195,False,True
425,24960488,0.74400000,173.00000000,128.71200000,1718097300195,False,True
426,24960489,0.74400000,105.66000000,78.61104000,1718097300195,False,True
427,24960490,0.74400000,1000.00000000,744.00000000,1718097300195,False,True
428,24960491,0.74500000,40.26000000,29.99370000,1718097301780,False,True
429,24960492,0.74400000,102.04000000,75.91776000,1718097305224,True,True
430,24960493,0.74400000,447.16000000,332.68704000,1718097306098,True,True
431,24960494,0.74400000,1813.65000000,1349.35560000,1718097306098,True,True
432,24960495,0.74400000,1813.65000000,1349.35560000,1718097306098,True,True
433,24960496,0.74400000,408.21000000,303.70824000,1718097306098,True,True
434,24960497,0.74400000,674.76000000,502.02144000,1718097306100,True,True
435,24960498,0.74400000,1162.78000000,865.10832000,1718097306100,True,True
436,24960499,0.74400000,13.42000000,9.98448000,1718097306100,True,True
437,24960500,0.74400000,214.84000000,159.84096000,1718097306100,True,True
438,24960501,0.74400000,1000.00000000,744.00000000,1718097306100,True,True
439,24960502,0.74400000,1032.00000000,767.80800000,1718097306103,True,True
440,24960503,0.74400000,893.48000000,664.74912000,1718097306446,True,True
441,24960504,0.74400000,13.42000000,9.98448000,1718097306446,True,True
442,24960505,0.74400000,361.37000000,268.85928000,1718097316628,False,True
443,24960506,0.74400000,42.05000000,31.28520000,1718097316628,False,True
444,24960507,0.74300000,19.62000000,14.57766000,1718097318610,True,True
445,24960508,0.74400000,142.72000000,106.18368000,1718097320169,False,True
446,24960509,0.74400000,115.00000000,85.56000000,1718097324497,False,True
447,24960510,0.74400000,283.09000000,210.61896000,1718097324497,False,True
448,24960511,0.74400000,1162.78000000,865.10832000,1718097324497,False,True
449,24960512,0.74400000,1535.13000000,1142.13672000,1718097324497,False,True
450,24960513,0.74400000,278.52000000,207.21888000,1718097324500,False,True
451,24960514,0.74400000,1813.65000000,1349.35560000,1718097324500,False,True
452,24960515,0.74400000,674.76000000,502.02144000,1718097324500,False,True
453,24960516,0.74400000,671.59000000,499.66296000,1718097324500,False,True
454,24960517,0.74400000,658.33000000,489.79752000,1718097324500,False,True
455,24960518,0.74400000,13.42000000,9.98448000,1718097324500,False,True
456,24960519,0.74400000,13.42000000,9.98448000,1718097324500,False,True
457,24960520,0.74400000,89.82000000,66.82608000,1718097324500,False,True
458,24960521,0.74400000,7.77000000,5.78088000,1718097324500,False,True
459,24960522,0.74400000,27.20000000,20.23680000,1718097324500,False,True
460,24960523,0.74400000,1935.35000000,1439.90040000,1718097324500,False,True
461,24960524,0.74400000,697.96000000,519.28224000,1718097324500,False,True
462,24960525,0.74400000,784.48000000,583.65312000,1718097324500,False,True
463,24960526,0.74400000,124.81000000,92.85864000,1718097324500,False,True
464,24960527,0.74400000,165.06000000,122.80464000,1718097324500,False,True
465,24960528,0.74400000,100.60000000,74.84640000,1718097324500,False,True
466,24960529,0.74400000,182.73000000,135.95112000,1718097324500,False,True
467,24960530,0.74500000,994.25000000,740.71625000,1718097331204,False,True
468,24960531,0.74500000,347.06000000,258.55970000,1718097331204,False,True
469,24960532,0.74500000,658.33000000,490.45585000,1718097331204,False,True
470,24960533,0.74500000,109.49000000,81.57005000,1718097331204,False,True
471,24960534,0.74500000,108.48000000,80.81760000,1718097331204,False,True
472,24960535,0.74500000,100.61000000,74.95445000,1718097331204,False,True
473,24960536,0.74500000,2064.00000000,1537.68000000,1718097331344,True,True
474,24960537,0.74500000,92.40000000,68.83800000,1718097331350,True,True
475,24960538,0.74500000,939.60000000,700.00200000,1718097331350,True,True
476,24960539,0.74500000,223.18000000,166.26910000,1718097331352,True,True
477,24960540,0.74500000,674.76000000,502.69620000,1718097331352,True,True
478,24960541,0.74500000,227.64000000,169.59180000,1718097331352,True,True
479,24960542,0.74500000,13.40000000,9.98300000,1718097331352,True,True
480,24960543,0.74500000,3357.15000000,2501.07675000,1718097331352,True,True
481,24960544,0.74400000,150.00000000,111.60000000,1718097331411,True,True
482,24960545,0.74500000,56.12000000,41.80940000,1718097335746,False,True
483,24960546,0.74400000,305.28000000,227.12832000,1718097336428,True,True
484,24960547,0.74400000,24.04000000,17.88576000,1718097336428,True,True
485,24960548,0.74500000,51.88000000,38.65060000,1718097343361,False,True
486,24960549,0.74500000,106.89000000,79.63305000,1718097358066,False,True
487,24960550,0.74400000,494.39000000,367.82616000,1718097360933,True,True
488,24960551,0.74500000,947.26000000,705.70870000,1718097361143,False,True
489,24960552,0.74500000,1816.09000000,1352.98705000,1718097361143,False,True
490,24960553,0.74500000,180.68000000,134.60660000,1718097361143,False,True
491,24960554,0.74500000,939.60000000,700.00200000,1718097361143,False,True
492,24960555,0.74500000,10101.00000000,7525.24500000,1718097361143,False,True
493,24960556,0.74500000,1000.00000000,745.00000000,1718097361143,False,True
494,24960557,0.74500000,13.40000000,9.98300000,1718097361143,False,True
495,24960558,0.74500000,1819.23000000,1355.32635000,1718097361143,False,True
496,24960559,0.74500000,300.00000000,223.50000000,1718097361143,False,True
497,24960560,0.74500000,3357.15000000,2501.07675000,1718097361143,False,True
498,24960561,0.74500000,157.58000000,117.39710000,1718097361143,False,True
499,24960562,0.74500000,643.41000000,479.34045000,1718097361143,False,True
500,24960563,0.74500000,2873.50000000,2140.75750000,1718097361143,False,True
501,24960564,0.74500000,1534.39000000,1143.12055000,1718097361143,False,True
502,24960565,0.74500000,859.92000000,640.64040000,1718097361143,False,True
503,24960566,0.74500000,794.11000000,591.61195000,1718097361143,False,True
504,24960567,0.74500000,7.22000000,5.37890000,1718097361143,False,True
505,24960568,0.74500000,2438.51000000,1816.68995000,1718097361143,False,True
506,24960569,0.74500000,13.16000000,9.80420000,1718097361143,False,True
507,24960570,0.74500000,7963.93000000,5933.12785000,1718097364397,True,True
508,24960571,0.74500000,2054.29000000,1530.44605000,1718097364397,True,True
509,24960572,0.74500000,102.11000000,76.07195000,1718097364397,True,True
510,24960573,0.74500000,1162.78000000,866.27110000,1718097364397,True,True
511,24960574,0.74500000,674.76000000,502.69620000,1718097364397,True,True
512,24960575,0.74500000,13.40000000,9.98300000,1718097364397,True,True
513,24960576,0.74500000,61.43000000,45.76535000,1718097364397,True,True
514,24960577,0.74500000,7.77000000,5.78865000,1718097364397,True,True
515,24960578,0.74500000,658.33000000,490.45585000,1718097364397,True,True
516,24960579,0.74400000,15.96000000,11.87424000,1718097375733,True,True
517,24960580,0.74500000,20.87000000,15.54815000,1718097378215,False,True
518,24960581,0.74500000,8.90000000,6.63050000,1718097387003,False,True
519,24960582,0.74500000,39.01000000,29.06245000,1718097398318,False,True
520,24960583,0.74500000,200.00000000,149.00000000,1718097409321,False,True
521,24960584,0.74400000,410.39000000,305.33016000,1718097410933,True,True
522,24960585,0.74500000,20.87000000,15.54815000,1718097414770,False,True
523,24960586,0.74500000,142.15000000,105.90175000,1718097425752,False,True
524,24960587,0.74500000,1072.11000000,798.72195000,1718097425752,False,True
525,24960588,0.74500000,13.42000000,9.99790000,1718097433903,False,True
526,24960589,0.74400000,233.71000000,173.88024000,1718097437814,True,True
527,24960590,0.74400000,261.35000000,194.44440000,1718097440935,True,True
528,24960591,0.74400000,716.56000000,533.12064000,1718097444079,True,True
529,24960592,0.74400000,1162.78000000,865.10832000,1718097444079,True,True
530,24960593,0.74400000,3361.66000000,2501.07504000,1718097444079,True,True
531,24960594,0.74400000,1492.07000000,1110.10008000,1718097444079,True,True
532,24960595,0.74400000,88.90000000,66.14160000,1718097444079,True,True
533,24960596,0.74400000,13.42000000,9.98448000,1718097444079,True,True
534,24960597,0.74400000,410.10000000,305.11440000,1718097444079,True,True
535,24960598,0.74400000,31.27000000,23.26488000,1718097444079,True,True
536,24960599,0.74400000,45.55000000,33.88920000,1718097444291,False,True
537,24960600,0.74400000,674.76000000,502.02144000,1718097444291,False,True
538,24960601,0.74400000,2156.40000000,1604.36160000,1718097444291,False,True
539,24960602,0.74400000,219.29000000,163.15176000,1718097444291,False,True
540,24960603,0.74400000,13.40000000,9.96960000,1718097444297,False,True
541,24960604,0.74400000,13.42000000,9.98448000,1718097444297,False,True
542,24960605,0.74400000,137.32000000,102.16608000,1718097449253,True,True
543,24960606,0.74400000,537.44000000,399.85536000,1718097450770,True,True
544,24960607,0.74400000,2156.40000000,1604.36160000,1718097450770,True,True
545,24960608,0.74400000,1162.78000000,865.10832000,1718097450770,True,True
546,24960609,0.74400000,300.00000000,223.20000000,1718097450770,True,True
547,24960610,0.74400000,10101.00000000,7515.14400000,1718097450770,True,True
548,24960611,0.74400000,1000.00000000,744.00000000,1718097450770,True,True
549,24960612,0.74400000,593.59000000,441.63096000,1718097450770,True,True
550,24960613,0.74400000,13.42000000,9.98448000,1718097450770,True,True
551,24960614,0.74400000,1617.12000000,1203.13728000,1718097450770,True,True
552,24960615,0.74400000,3361.66000000,2501.07504000,1718097450770,True,True
553,24960616,0.74400000,686.77000000,510.95688000,1718097450770,True,True
554,24960617,0.74400000,806.96000000,600.37824000,1718097450770,True,True
555,24960618,0.74400000,410.20000000,305.18880000,1718097450770,True,True
556,24960619,0.74300000,3474.83000000,2581.79869000,1718097450770,True,True
557,24960620,0.74300000,1827.82000000,1358.07026000,1718097450770,True,True
558,24960621,0.74300000,1435.33000000,1066.45019000,1718097450770,True,True
559,24960622,0.74300000,37.27000000,27.69161000,1718097450770,True,True
560,24960623,0.74300000,10.95000000,8.13585000,1718097450770,True,True
561,24960624,0.74300000,8.85000000,6.57555000,1718097450770,True,True
562,24960625,0.74300000,1900.85000000,1412.33155000,1718097450770,True,True
563,24960626,0.74300000,50.00000000,37.15000000,1718097450770,True,True
564,24960627,0.74300000,7.20000000,5.34960000,1718097450770,True,True
565,24960628,0.74300000,63.10000000,46.88330000,1718097450770,True,True
566,24960629,0.74300000,18.07000000,13.42601000,1718097450770,True,True
567,24960630,0.74300000,299.93000000,222.84799000,1718097450770,True,True
568,24960631,0.74300000,3349.21000000,2488.46303000,1718097450770,True,True
569,24960632,0.74300000,6662.17000000,4949.99231000,1718097450770,True,True
570,24960633,0.74300000,402.41000000,298.99063000,1718097450770,True,True
571,24960634,0.74300000,671.59000000,498.99137000,1718097450770,True,True
572,24960635,0.74300000,1000.00000000,743.00000000,1718097450770,True,True
573,24960636,0.74300000,2473.17000000,1837.56531000,1718097450770,True,True
574,24960637,0.74300000,686.77000000,510.27011000,1718097450770,True,True
575,24960638,0.74300000,140.00000000,104.02000000,1718097450770,True,True
576,24960639,0.74300000,892.00000000,662.75600000,1718097450770,True,True
577,24960640,0.74300000,1462.68000000,1086.77124000,1718097450770,True,True
578,24960641,0.74300000,10982.83000000,8160.24269000,1718097450770,True,True
579,24960642,0.74300000,4946.69000000,3675.39067000,1718097450770,True,True
580,24960643,0.74300000,3588.60000000,2666.32980000,1718097450770,True,True
581,24960644,0.74300000,658.33000000,489.13919000,1718097450770,True,True
582,24960645,0.74300000,6800.00000000,5052.40000000,1718097450770,True,True
583,24960646,0.74300000,2633.31000000,1956.54933000,1718097450770,True,True
584,24960647,0.74300000,2207.24000000,1639.97932000,1718097450770,True,True
585,24960648,0.74300000,12779.80000000,9495.39140000,1718097450770,True,True
586,24960649,0.74300000,1344.08000000,998.65144000,1718097450770,True,True
587,24960650,0.74300000,1343.92000000,998.53256000,1718097450770,True,True
588,24960651,0.74300000,207.61000000,154.25423000,1718097450770,True,True
589,24960652,0.74300000,1609.02000000,1195.50186000,1718097450770,True,True
590,24960653,0.74300000,1331.00000000,988.93300000,1718097450770,True,True
591,24960654,0.74300000,497.34000000,369.52362000,1718097450770,True,True
592,24960655,0.74300000,807.53000000,599.99479000,1718097450770,True,True
593,24960656,0.74300000,545.71000000,405.46253000,1718097450770,True,True
594,24960657,0.74400000,279.65000000,208.05960000,1718097455705,False,True
595,24960658,0.74400000,30.57000000,22.74408000,1718097463961,False,True
596,24960659,0.74300000,538.35000000,399.99405000,1718097467360,True,True
597,24960660,0.74300000,500.00000000,371.50000000,1718097467360,True,True
598,24960661,0.74300000,212.72000000,158.05096000,1718097467360,True,True
599,24960662,0.74400000,20.87000000,15.52728000,1718097468883,False,True
600,24960663,0.74300000,620.43000000,460.97949000,1718097470935,True,True
601,24960664,0.74300000,25.97000000,19.29571000,1718097479909,True,True
602,24960665,0.74300000,509.01000000,378.19443000,1718097490935,True,True
603,24960666,0.74400000,16.57000000,12.32808000,1718097495171,False,True
604,24960667,0.74400000,401.04000000,298.37376000,1718097499490,False,True
605,24960668,0.74400000,2156.40000000,1604.36160000,1718097499490,False,True
606,24960669,0.74400000,130.73000000,97.26312000,1718097499490,False,True
607,24960670,0.74400000,13.44000000,9.99936000,1718097518302,False,True
608,24960671,0.74300000,13.44000000,9.98592000,1718097519794,True,True
609,24960672,0.74300000,100.46000000,74.64178000,1718097519794,True,True
610,24960673,0.74300000,267.50000000,198.75250000,1718097520935,True,True
611,24960674,0.74300000,363.39000000,269.99877000,1718097533786,True,True
612,24960675,0.74400000,13.44000000,9.99936000,1718097536668,False,True
613,24960676,0.74400000,13.44000000,9.99936000,1718097537837,False,True
614,24960677,0.74300000,466.23000000,346.40889000,1718097545935,True,True
615,24960678,0.74300000,2164.41000000,1608.15663000,1718097559012,True,True
616,24960679,0.74300000,977.02000000,725.92586000,1718097559012,True,True
617,24960680,0.74300000,13.44000000,9.98592000,1718097559012,True,True
618,24960681,0.74300000,20.13000000,14.95659000,1718097559012,True,True
619,24960682,0.74300000,389.90000000,289.69570000,1718097559012,True,True
620,24960683,0.74300000,686.77000000,510.27011000,1718097559012,True,True
621,24960684,0.74300000,62.00000000,46.06600000,1718097559012,True,True
622,24960685,0.74300000,15.67000000,11.64281000,1718097559012,True,True
623,24960686,0.74300000,674.76000000,501.34668000,1718097559320,False,True
624,24960687,0.74300000,404.75000000,300.72925000,1718097559320,False,True
625,24960688,0.74300000,1162.78000000,863.94554000,1718097559320,False,True
626,24960689,0.74300000,2156.40000000,1602.20520000,1718097559320,False,True
627,24960690,0.74300000,9211.00000000,6843.77300000,1718097559320,False,True
628,24960691,0.74300000,13.42000000,9.97106000,1718097559324,False,True
629,24960692,0.74300000,13.44000000,9.98592000,1718097559324,False,True
630,24960693,0.74300000,13.44000000,9.98592000,1718097559324,False,True
631,24960694,0.74300000,336.00000000,249.64800000,1718097567196,True,True
632,24960695,0.74300000,163.17000000,121.23531000,1718097568394,True,True
633,24960696,0.74300000,1906.90000000,1416.82670000,1718097568394,True,True
634,24960697,0.74300000,1162.78000000,863.94554000,1718097568394,True,True
635,24960698,0.74300000,120.15000000,89.27145000,1718097568394,True,True
636,24960699,0.74300000,2036.25000000,1512.93375000,1718097568396,True,True
637,24960700,0.74300000,1906.90000000,1416.82670000,1718097568396,True,True
638,24960701,0.74300000,674.76000000,501.34668000,1718097568396,True,True
639,24960702,0.74300000,13.44000000,9.98592000,1718097568396,True,True
640,24960703,0.74300000,3366.19000000,2501.07917000,1718097568396,True,True
641,24960704,0.74300000,689.58000000,512.35794000,1718097568396,True,True
642,24960705,0.74300000,17.26000000,12.82418000,1718097569104,False,True
643,24960706,0.74300000,53.83000000,39.99569000,1718097572616,False,True
644,24960707,0.74300000,40.72000000,30.25496000,1718097578199,False,True
645,24960708,0.74200000,400.92000000,297.48264000,1718097585936,True,True
646,24960709,0.74300000,8.34000000,6.19662000,1718097587850,False,True
647,24960710,0.74300000,66.95000000,49.74385000,1718097587850,False,True
648,24960711,0.74300000,33.64000000,24.99452000,1718097588053,False,True
649,24960712,0.74300000,26.91000000,19.99413000,1718097596068,False,True
650,24960713,0.74200000,110.61000000,82.07262000,1718097599455,True,True
651,24960714,0.74200000,415.17000000,308.05614000,1718097605935,True,True
652,24960715,0.74200000,1920.06000000,1424.68452000,1718097607017,True,True
653,24960716,0.74200000,7254.24000000,5382.64608000,1718097611984,True,True
654,24960717,0.74200000,1032.30000000,765.96660000,1718097611984,True,True
655,24960718,0.74200000,1827.82000000,1356.24244000,1718097611984,True,True
656,24960719,0.74200000,584.69000000,433.83998000,1718097611984,True,True
657,24960720,0.74200000,499.00000000,370.25800000,1718097615475,True,True
658,24960721,0.74200000,11.36000000,8.42912000,1718097616788,True,True
659,24960722,0.74200000,182.21000000,135.19982000,1718097618835,True,True
660,24960723,0.74200000,120.82000000,89.64844000,1718097619356,True,True
661,24960724,0.74200000,221.83000000,164.59786000,1718097619592,True,True
662,24960725,0.74300000,1546.30000000,1148.90090000,1718097631689,False,True
663,24960726,0.74300000,233.10000000,173.19330000,1718097631692,False,True
664,24960727,0.74300000,674.76000000,501.34668000,1718097631692,False,True
665,24960728,0.74300000,1162.78000000,863.94554000,1718097631692,False,True
666,24960729,0.74300000,1906.90000000,1416.82670000,1718097631692,False,True
667,24960730,0.74300000,370.37000000,275.18491000,1718097631692,False,True
668,24960731,0.74300000,81.59000000,60.62137000,1718097631692,False,True
669,24960732,0.74300000,13.44000000,9.98592000,1718097631692,False,True
670,24960733,0.74300000,70.58000000,52.44094000,1718097631692,False,True
671,24960734,0.74300000,7.77000000,5.77311000,1718097631692,False,True
672,24960735,0.74300000,658.33000000,489.13919000,1718097631692,False,True
673,24960736,0.74300000,684.94000000,508.91042000,1718097631692,False,True
674,24960737,0.74300000,90.35000000,67.13005000,1718097631692,False,True
675,24960738,0.74300000,553.95000000,411.58485000,1718097631692,False,True
676,24960739,0.74300000,538.35000000,399.99405000,1718097631692,False,True
677,24960740,0.74300000,4042.29000000,3003.42147000,1718097631692,False,True
678,24960741,0.74300000,67.34000000,50.03362000,1718097631692,False,True
679,24960742,0.74300000,8.93000000,6.63499000,1718097631692,False,True
680,24960743,0.74300000,147.96000000,109.93428000,1718097631692,False,True
681,24960744,0.74300000,55.35000000,41.12505000,1718097631692,False,True
682,24960745,0.74300000,10.81000000,8.03183000,1718097633670,True,True
683,24960746,0.74300000,1909.46000000,1418.72878000,1718097635131,True,True
684,24960747,0.74300000,669.14000000,497.17102000,1718097635131,True,True
685,24960748,0.74300000,493.64000000,366.77452000,1718097635131,True,True
686,24960749,0.74300000,249.59000000,185.44537000,1718097635131,True,True
687,24960750,0.74300000,674.76000000,501.34668000,1718097635131,True,True
688,24960751,0.74300000,658.33000000,489.13919000,1718097635131,True,True
689,24960752,0.74300000,13.44000000,9.98592000,1718097635131,True,True
690,24960753,0.74300000,7.79000000,5.78797000,1718097635131,True,True
691,24960754,0.74200000,114.37000000,84.86254000,1718097645935,True,True
692,24960755,0.74200000,134.77000000,99.99934000,1718097645935,True,True
693,24960756,0.74200000,317.74000000,235.76308000,1718097645935,True,True
694,24960757,0.74200000,147.72000000,109.60824000,1718097650099,True,True
695,24960758,0.74300000,20.00000000,14.86000000,1718097667577,False,True
696,24960759,0.74200000,270.55000000,200.74810000,1718097670934,True,True
697,24960760,0.74300000,205.98000000,153.04314000,1718097673409,False,True
698,24960761,0.74300000,2154.88000000,1601.07584000,1718097673409,False,True
699,24960762,0.74300000,1162.78000000,863.94554000,1718097673409,False,True
700,24960763,0.74300000,674.76000000,501.34668000,1718097673409,False,True
701,24960764,0.74300000,13.44000000,9.98592000,1718097673409,False,True
702,24960765,0.74300000,7.79000000,5.78797000,1718097673409,False,True
703,24960766,0.74300000,155.81000000,115.76683000,1718097673409,False,True
704,24960767,0.74300000,612.51000000,455.09493000,1718097673409,False,True
705,24960768,0.74300000,45.82000000,34.04426000,1718097673411,False,True
706,24960769,0.74300000,211.05000000,156.81015000,1718097673411,False,True
707,24960770,0.74300000,807.53000000,599.99479000,1718097673411,False,True
708,24960771,0.74300000,1162.78000000,863.94554000,1718097677860,True,True
709,24960772,0.74300000,1909.46000000,1418.72878000,1718097677860,True,True
710,24960773,0.74300000,2264.22000000,1682.31546000,1718097677860,True,True
711,24960774,0.74300000,674.76000000,501.34668000,1718097677860,True,True
712,24960775,0.74300000,360.77000000,268.05211000,1718097677860,True,True
713,24960776,0.74300000,102.99000000,76.52157000,1718097677860,True,True
714,24960777,0.74300000,658.33000000,489.13919000,1718097677860,True,True
715,24960778,0.74300000,13.44000000,9.98592000,1718097677860,True,True
716,24960779,0.74300000,3366.19000000,2501.07917000,1718097677860,True,True
717,24960780,0.74300000,7.79000000,5.78797000,1718097677860,True,True
718,24960781,0.74300000,461.75000000,343.08025000,1718097677860,True,True
719,24960782,0.74300000,292.16000000,217.07488000,1718097677865,True,True
720,24960783,0.74300000,674.76000000,501.34668000,1718097680393,False,True
721,24960784,0.74300000,1162.78000000,863.94554000,1718097680393,False,True
722,24960785,0.74300000,740.46000000,550.16178000,1718097680393,False,True
723,24960786,0.74300000,13.44000000,9.98592000,1718097680399,False,True
724,24960787,0.74300000,7.79000000,5.78797000,1718097680399,False,True
725,24960788,0.74300000,97.85000000,72.70255000,1718097680399,False,True
726,24960789,0.74300000,780.65000000,580.02295000,1718097680399,False,True
727,24960790,0.74300000,1906.90000000,1416.82670000,1718097683218,True,True
728,24960791,0.74300000,671.10000000,498.62730000,1718097683218,True,True
729,24960792,0.74300000,3.66000000,2.71938000,1718097683223,True,True
730,24960793,0.74300000,1285.34000000,955.00762000,1718097683223,True,True
731,24960794,0.74300000,514.64000000,382.37752000,1718097683229,True,True
732,24960795,0.74300000,106.92000000,79.44156000,1718097683229,True,True
733,24960796,0.74300000,231.88000000,172.28684000,1718097683229,True,True
734,24960797,0.74300000,13.44000000,9.98592000,1718097683229,True,True
735,24960798,0.74300000,2789.40000000,2072.52420000,1718097683229,True,True
736,24960799,0.74300000,7.79000000,5.78797000,1718097685049,True,True
737,24960800,0.74300000,13.44000000,9.98592000,1718097685049,True,True
738,24960801,0.74300000,300.00000000,222.90000000,1718097685049,True,True
739,24960802,0.74200000,2771.47000000,2056.43074000,1718097698100,True,True
740,24960803,0.74200000,11.51000000,8.54042000,1718097698100,True,True
741,24960804,0.74200000,10596.39000000,7862.52138000,1718097698100,True,True
742,24960805,0.74200000,8617.00000000,6393.81400000,1718097698100,True,True
743,24960806,0.74200000,5282.57000000,3919.66694000,1718097698100,True,True
744,24960807,0.74200000,1404.27000000,1041.96834000,1718097698101,True,True
745,24960808,0.74200000,4421.41000000,3280.68622000,1718097698103,True,True
746,24960809,0.74200000,13405.00000000,9946.51000000,1718097698103,True,True
747,24960810,0.74200000,1000.00000000,742.00000000,1718097698103,True,True
748,24960811,0.74200000,9273.36000000,6880.83312000,1718097698103,True,True
749,24960812,0.74200000,134.77000000,99.99934000,1718097698103,True,True
750,24960813,0.74200000,18.11000000,13.43762000,1718097698103,True,True
751,24960814,0.74200000,35.33000000,26.21486000,1718097698103,True,True
752,24960815,0.74200000,8.83000000,6.55186000,1718097698103,True,True
753,24960816,0.74200000,15.65000000,11.61230000,1718097698103,True,True
754,24960817,0.74200000,3366.18000000,2497.70556000,1718097698103,True,True
755,24960818,0.74200000,13.47000000,9.99474000,1718097698103,True,True
756,24960819,0.74200000,20.21000000,14.99582000,1718097698103,True,True
757,24960820,0.74200000,97.59000000,72.41178000,1718097698103,True,True
758,24960821,0.74200000,6.74000000,5.00108000,1718097698103,True,True
759,24960822,0.74200000,788.80000000,585.28960000,1718097698103,True,True
760,24960823,0.74200000,13.45000000,9.97990000,1718097698103,True,True
761,24960824,0.74200000,112.00000000,83.10400000,1718097698103,True,True
762,24960825,0.74100000,500.00000000,370.50000000,1718097698109,True,True
763,24960826,0.74200000,59.00000000,43.77800000,1718097698814,False,True
764,24960827,0.74200000,35.24000000,26.14808000,1718097699183,False,True
765,24960828,0.74200000,15.74000000,11.67908000,1718097702934,False,True
766,24960829,0.74100000,344.89000000,255.56349000,1718097703682,True,True
767,24960830,0.74100000,1162.78000000,861.61998000,1718097703682,True,True
768,24960831,0.74100000,2980.18000000,2208.31338000,1718097703682,True,True
769,24960832,0.74200000,30.32000000,22.49744000,1718097707161,False,True
770,24960833,0.74200000,7.07000000,5.24594000,1718097707162,False,True
771,24960834,0.74100000,434.83000000,322.20903000,1718097710935,True,True
772,24960835,0.74100000,486.85000000,360.75585000,1718097712280,True,True
773,24960836,0.74200000,10.78000000,7.99876000,1718097714594,False,True
774,24960837,0.74200000,312.58000000,231.93436000,1718097721480,False,True
775,24960838,0.74100000,204.83000000,151.77903000,1718097722921,True,True
776,24960839,0.74100000,383.70000000,284.32170000,1718097735945,True,True
777,24960840,0.74100000,15.04000000,11.14464000,1718097736004,True,True
778,24960841,0.74200000,16.01000000,11.87942000,1718097749729,False,True
779,24960842,0.74100000,10.24000000,7.58784000,1718097754460,True,True
780,24960843,0.74100000,237.93000000,176.30613000,1718097755936,True,True
781,24960844,0.74100000,333.63000000,247.21983000,1718097769915,True,True
782,24960845,0.74100000,303.89000000,225.18249000,1718097775933,True,True
783,24960846,0.74200000,335.39000000,248.85938000,1718097789754,False,True
784,24960847,0.74200000,7.56000000,5.60952000,1718097789754,False,True
785,24960848,0.74100000,1726.56000000,1279.38096000,1718097790317,True,True
786,24960849,0.74100000,13.16000000,9.75156000,1718097795802,True,True
787,24960850,0.74100000,537.37000000,398.19117000,1718097795947,True,True
788,24960851,0.74200000,285.24000000,211.64808000,1718097797693,False,True
789,24960852,0.74200000,455.99000000,338.34458000,1718097797693,False,True
790,24960853,0.74100000,2432.79000000,1802.69739000,1718097798466,True,True
791,24960854,0.74100000,7.68000000,5.69088000,1718097798466,True,True
792,24960855,0.74100000,7.32000000,5.42412000,1718097798466,True,True
793,24960856,0.74100000,45.64000000,33.81924000,1718097798466,True,True
794,24960857,0.74100000,8.20000000,6.07620000,1718097798466,True,True
795,24960858,0.74100000,43.74000000,32.41134000,1718097798466,True,True
796,24960859,0.74100000,8.24000000,6.10584000,1718097798466,True,True
797,24960860,0.74100000,20.13000000,14.91633000,1718097798466,True,True
798,24960861,0.74100000,299.47000000,221.90727000,1718097798466,True,True
799,24960862,0.74100000,518.52000000,384.22332000,1718097798466,True,True
800,24960863,0.74100000,565.27000000,418.86507000,1718097800457,True,True
801,24960864,0.74200000,13.47000000,9.99474000,1718097804678,False,True
802,24960865,0.74200000,134.95000000,100.13290000,1718097811187,False,True
803,24960866,0.74100000,5166.42000000,3828.31722000,1718097824990,True,True
804,24960867,0.74100000,426.54000000,316.06614000,1718097824991,True,True
805,24960868,0.74100000,2566.15000000,1901.51715000,1718097824992,True,True
806,24960869,0.74100000,2992.13000000,2217.16833000,1718097824992,True,True
807,24960870,0.74100000,1709.30000000,1266.59130000,1718097824993,True,True
808,24960871,0.74100000,4607.56000000,3414.20196000,1718097824995,True,True
809,24960872,0.74100000,201.00000000,148.94100000,1718097824995,True,True
810,24960873,0.74100000,806.51000000,597.62391000,1718097824995,True,True
811,24960874,0.74100000,12.30000000,9.11430000,1718097824995,True,True
812,24960875,0.74100000,39.58000000,29.32878000,1718097824995,True,True
813,24960876,0.74100000,269.90000000,199.99590000,1718097824995,True,True
814,24960877,0.74100000,134.96000000,100.00536000,1718097824995,True,True
815,24960878,0.74000000,742.16000000,549.19840000,1718097824996,True,True
816,24960879,0.74000000,1162.78000000,860.45720000,1718097824996,True,True
817,24960880,0.74000000,10.12000000,7.48880000,1718097824996,True,True
818,24960881,0.74000000,10.12000000,7.48880000,1718097824996,True,True
819,24960882,0.74000000,150.00000000,111.00000000,1718097824996,True,True
820,24960883,0.74000000,10.99000000,8.13260000,1718097824996,True,True
821,24960884,0.74000000,11.04000000,8.16960000,1718097824996,True,True
822,24960885,0.74000000,14.69000000,10.87060000,1718097824996,True,True
823,24960886,0.74000000,22.78000000,16.85720000,1718097824996,True,True
824,24960887,0.74000000,9.28000000,6.86720000,1718097824996,True,True
825,24960888,0.74000000,44.38000000,32.84120000,1718097824996,True,True
826,24960889,0.74000000,1351.35000000,999.99900000,1718097824996,True,True
827,24960890,0.74000000,773.09000000,572.08660000,1718097824996,True,True
828,24960891,0.74100000,17.77000000,13.16757000,1718097826263,False,True
829,24960892,0.74100000,10.00000000,7.41000000,1718097828257,False,True
830,24960893,0.74100000,118.63000000,87.90483000,1718097838539,False,True
831,24960894,0.74100000,1912.04000000,1416.82164000,1718097838539,False,True
832,24960895,0.74100000,995.62000000,737.75442000,1718097838539,False,True
833,24960896,0.74100000,1023.46000000,758.38386000,1718097838539,False,True
834,24960897,0.74100000,500.30000000,370.72230000,1718097839795,False,True
835,24960898,0.74100000,674.76000000,499.99716000,1718097839795,False,True
836,24960899,0.74100000,1912.04000000,1416.82164000,1718097839795,False,True
837,24960900,0.74100000,32.71000000,24.23811000,1718097839795,False,True
838,24960901,0.74100000,625.62000000,463.58442000,1718097839796,False,True
839,24960902,0.74100000,13.44000000,9.95904000,1718097839796,False,True
840,24960903,0.74100000,13.45000000,9.96645000,1718097839796,False,True
841,24960904,0.74100000,13.44000000,9.95904000,1718097839796,False,True
842,24960905,0.74100000,807.87000000,598.63167000,1718097839796,False,True
843,24960906,0.74100000,2633.31000000,1951.28271000,1718097839796,False,True
844,24960907,0.74100000,201.20000000,149.08920000,1718097839796,False,True
845,24960908,0.74100000,33.07000000,24.50487000,1718097839796,False,True
846,24960909,0.74100000,500.00000000,370.50000000,1718097839796,False,True
847,24960910,0.74100000,6800.00000000,5038.80000000,1718097839796,False,True
848,24960911,0.74100000,66.17000000,49.03197000,1718097839796,False,True
849,24960912,0.74100000,7.79000000,5.77239000,1718097839796,False,True
850,24960913,0.74100000,2349.60000000,1741.05360000,1718097839796,False,True
851,24960914,0.74100000,184.90000000,137.01090000,1718097839796,False,True
852,24960915,0.74100000,2381.58000000,1764.75078000,1718097839796,False,True
853,24960916,0.74100000,226.88000000,168.11808000,1718097839796,False,True
854,24960917,0.74200000,10.91000000,8.09522000,1718097845052,False,True
855,24960918,0.74100000,1914.62000000,1418.73342000,1718097846645,True,True
856,24960919,0.74100000,674.76000000,499.99716000,1718097846645,True,True
857,24960920,0.74100000,1914.62000000,1418.73342000,1718097846645,True,True
858,24960921,0.74100000,1162.78000000,861.61998000,1718097846645,True,True
859,24960922,0.74100000,1011.12000000,749.23992000,1718097846645,True,True
860,24960923,0.74100000,2264.22000000,1677.78702000,1718097846645,True,True
861,24960924,0.74100000,10101.00000000,7484.84100000,1718097846645,True,True
862,24960925,0.74100000,335.54000000,248.63514000,1718097846645,True,True
863,24960926,0.74100000,13.47000000,9.98127000,1718097846645,True,True
864,24960927,0.74100000,3375.28000000,2501.08248000,1718097846645,True,True
865,24960928,0.74100000,658.33000000,487.82253000,1718097846645,True,True
866,24960929,0.74100000,1000.00000000,741.00000000,1718097846645,True,True
867,24960930,0.74100000,1478.60000000,1095.64260000,1718097846645,True,True
868,24960931,0.74100000,299.60000000,222.00360000,1718097846645,True,True
869,24960932,0.74100000,216.47000000,160.40427000,1718097846645,True,True
870,24960933,0.74100000,1244.89000000,922.46349000,1718097846645,True,True
871,24960934,0.74100000,404.58000000,299.79378000,1718097846645,True,True
872,24960935,0.74100000,1162.78000000,861.61998000,1718097852091,False,True
873,24960936,0.74100000,570.66000000,422.85906000,1718097852091,False,True
874,24960937,0.74100000,202.42000000,149.99322000,1718097854035,False,True
875,24960938,0.74100000,66.15000000,49.01715000,1718097859247,False,True
876,24960939,0.74000000,104.68000000,77.46320000,1718097864053,True,True
877,24960940,0.74000000,425.02000000,314.51480000,1718097870936,True,True
878,24960941,0.74000000,10.05000000,7.43700000,1718097873477,True,True
879,24960942,0.74000000,50.00000000,37.00000000,1718097887488,True,True
880,24960943,0.74000000,6.75000000,4.99500000,1718097893446,True,True
881,24960944,0.74000000,1661.21000000,1229.29540000,1718097893638,True,True
882,24960945,0.74000000,347.57000000,257.20180000,1718097900041,True,True
883,24960946,0.74000000,49.58000000,36.68920000,1718097900041,True,True
884,24960947,0.74000000,463.36000000,342.88640000,1718097900935,True,True
885,24960948,0.74000000,193.40000000,143.11600000,1718097906975,True,True
886,24960949,0.74000000,8.47000000,6.26780000,1718097906975,True,True
887,24960950,0.74000000,20.00000000,14.80000000,1718097906975,True,True
888,24960951,0.74000000,89.08000000,65.91920000,1718097906975,True,True
889,24960952,0.74000000,154.52000000,114.34480000,1718097906975,True,True
890,24960953,0.74000000,6.76000000,5.00240000,1718097906975,True,True
891,24960954,0.74000000,200.00000000,148.00000000,1718097906975,True,True
892,24960955,0.74000000,5000.00000000,3700.00000000,1718097906975,True,True
893,24960956,0.74000000,30.49000000,22.56260000,1718097906975,True,True
894,24960957,0.74000000,12.83000000,9.49420000,1718097906975,True,True
895,24960958,0.74000000,54.42000000,40.27080000,1718097906975,True,True
896,24960959,0.74000000,9.36000000,6.92640000,1718097906975,True,True
897,24960960,0.74000000,13.52000000,10.00480000,1718097906975,True,True
898,24960961,0.74000000,750.00000000,555.00000000,1718097906975,True,True
899,24960962,0.74000000,700.00000000,518.00000000,1718097906975,True,True
900,24960963,0.74000000,54.03000000,39.98220000,1718097906975,True,True
901,24960964,0.74000000,27.02000000,19.99480000,1718097906975,True,True
902,24960965,0.74000000,136.48000000,100.99520000,1718097906975,True,True
903,24960966,0.74000000,58.99000000,43.65260000,1718097906975,True,True
904,24960967,0.74000000,3363.41000000,2488.92340000,1718097906975,True,True
905,24960968,0.74000000,1351.35000000,999.99900000,1718097906975,True,True
906,24960969,0.74000000,330.00000000,244.20000000,1718097906975,True,True
907,24960970,0.74000000,404.04000000,298.98960000,1718097906975,True,True
908,24960971,0.74000000,13.87000000,10.26380000,1718097906975,True,True
909,24960972,0.74000000,13.49000000,9.98260000,1718097906975,True,True
910,24960973,0.74000000,41.10000000,30.41400000,1718097906975,True,True
911,24960974,0.74000000,7.45000000,5.51300000,1718097906975,True,True
912,24960975,0.73900000,1162.78000000,859.29442000,1718097906976,True,True
913,24960976,0.73900000,93.40000000,69.02260000,1718097906976,True,True
914,24960977,0.73900000,10.13000000,7.48607000,1718097906976,True,True
915,24960978,0.73900000,10.13000000,7.48607000,1718097906976,True,True
916,24960979,0.73900000,320.56000000,236.89384000,1718097906976,True,True
917,24960980,0.73900000,89.14000000,65.87446000,1718097907068,True,True
918,24960981,0.73900000,215.06000000,158.92934000,1718097907130,True,True
919,24960982,0.74000000,24.70000000,18.27800000,1718097908315,False,True
920,24960983,0.74000000,16.06000000,11.88440000,1718097909328,False,True
921,24960984,0.74000000,24.65000000,18.24100000,1718097910594,False,True
922,24960985,0.74000000,40.54000000,29.99960000,1718097911356,False,True
923,24960986,0.74000000,149.10000000,110.33400000,1718097912539,False,True
924,24960987,0.73900000,908.57000000,671.43323000,1718097916334,True,True
925,24960988,0.73900000,11.51000000,8.50589000,1718097916334,True,True
926,24960989,0.73900000,10.03000000,7.41217000,1718097916334,True,True
927,24960990,0.73900000,20.60000000,15.22340000,1718097916334,True,True
928,24960991,0.73900000,525.27000000,388.17453000,1718097916334,True,True
929,24960992,0.73900000,14.98000000,11.07022000,1718097916334,True,True
930,24960993,0.73900000,55.42000000,40.95538000,1718097916334,True,True
931,24960994,0.73900000,11.26000000,8.32114000,1718097916334,True,True
932,24960995,0.73900000,8.38000000,6.19282000,1718097916334,True,True
933,24960996,0.73900000,7.70000000,5.69030000,1718097916334,True,True
934,24960997,0.73900000,24.94000000,18.43066000,1718097916334,True,True
935,24960998,0.73900000,66.00000000,48.77400000,1718097916334,True,True
936,24960999,0.73900000,71.56000000,52.88284000,1718097916334,True,True
937,24961000,0.73900000,11.76000000,8.69064000,1718097916334,True,True
938,24961001,0.73900000,1371.83000000,1013.78237000,1718097916334,True,True
939,24961002,0.73900000,1461.72000000,1080.21108000,1718097916336,True,True
940,24961003,0.73900000,545.32000000,402.99148000,1718097916337,True,True
941,24961004,0.73900000,13.51000000,9.98389000,1718097916337,True,True
942,24961005,0.73900000,243.57000000,179.99823000,1718097916337,True,True
943,24961006,0.73900000,40.54000000,29.95906000,1718097916366,False,True
944,24961007,0.73900000,157.06000000,116.06734000,1718097916835,False,True
945,24961008,0.73900000,674.76000000,498.64764000,1718097916835,False,True
946,24961009,0.73900000,157.87000000,116.66593000,1718097916835,False,True
947,24961010,0.73900000,361.66000000,267.26674000,1718097916835,False,True
948,24961011,0.73900000,11.85000000,8.75715000,1718097917320,False,True
949,24961012,0.73900000,699.00000000,516.56100000,1718097917470,False,True
950,24961013,0.73900000,1191.71000000,880.67369000,1718097917470,False,True
951,24961014,0.73900000,1162.78000000,859.29442000,1718097917470,False,True
952,24961015,0.73900000,813.51000000,601.18389000,1718097917470,False,True
953,24961016,0.73900000,192.54000000,142.28706000,1718097917472,False,True
954,24961017,0.73900000,300.00000000,221.70000000,1718097917472,False,True
955,24961018,0.73900000,13.49000000,9.96911000,1718097917472,False,True
956,24961019,0.73900000,13.51000000,9.98389000,1718097917472,False,True
957,24961020,0.73900000,13.47000000,9.95433000,1718097917472,False,True
958,24961021,0.73900000,2477.39000000,1830.79121000,1718097917472,False,True
959,24961022,0.73900000,64.00000000,47.29600000,1718097917472,False,True
960,24961023,0.73900000,192.00000000,141.88800000,1718097917472,False,True
961,24961024,0.73900000,193.00000000,142.62700000,1718097917472,False,True
962,24961025,0.73900000,32.00000000,23.64800000,1718097917472,False,True
963,24961026,0.73900000,301.81000000,223.03759000,1718097917472,False,True
964,24961027,0.73900000,57.90000000,42.78810000,1718097917472,False,True
965,24961028,0.73900000,279.60000000,206.62440000,1718097917472,False,True
966,24961029,0.73900000,1528.50000000,1129.56150000,1718097917473,False,True
967,24961030,0.73900000,26.67000000,19.70913000,1718097917473,False,True
968,24961031,0.73900000,200.00000000,147.80000000,1718097917495,True,True
969,24961032,0.73900000,20.49000000,15.14211000,1718097917926,True,True
970,24961033,0.73900000,337.02000000,249.05778000,1718097919979,True,True
971,24961034,0.73900000,27.06000000,19.99734000,1718097925170,True,True
972,24961035,0.73900000,90.19000000,66.65041000,1718097929522,True,True
973,24961036,0.73900000,374.23000000,276.55597000,1718097929522,True,True
974,24961037,0.73900000,218.93000000,161.78927000,1718097929522,True,True
975,24961038,0.74000000,60.69000000,44.91060000,1718097930377,False,True
976,24961039,0.74000000,864.38000000,639.64120000,1718097930377,False,True
977,24961040,0.73900000,536.33000000,396.34787000,1718097930935,True,True
978,24961041,0.73900000,1159.36000000,856.76704000,1718097937916,True,True
979,24961042,0.73900000,2264.22000000,1673.25858000,1718097937916,True,True
980,24961043,0.73900000,356.15000000,263.19485000,1718097937916,True,True
981,24961044,0.74000000,20.87000000,15.44380000,1718097943697,False,True
982,24961045,0.73900000,174.05000000,128.62295000,1718097948480,True,True
983,24961046,0.73900000,632.58000000,467.47662000,1718097949887,True,True
984,24961047,0.73900000,13.51000000,9.98389000,1718097949887,True,True
985,24961048,0.73900000,202.97000000,149.99483000,1718097951790,False,True
986,24961049,0.73900000,1714.24000000,1266.82336000,1718097952997,False,True
987,24961050,0.73900000,674.76000000,498.64764000,1718097952997,False,True
988,24961051,0.73900000,2264.22000000,1673.25858000,1718097952997,False,True
989,24961052,0.73900000,1162.78000000,859.29442000,1718097952997,False,True
990,24961053,0.73900000,13.51000000,9.98389000,1718097952997,False,True
991,24961054,0.73900000,302.89000000,223.83571000,1718097952997,False,True
992,24961055,0.73900000,26.71000000,19.73869000,1718097952997,False,True
993,24961056,0.73900000,3384.41000000,2501.07899000,1718097952997,False,True
994,24961057,0.73900000,216.68000000,160.12652000,1718097952997,False,True
995,24961058,0.73900000,76.34000000,56.41526000,1718097952997,False,True
996,24961059,0.73900000,1900.86000000,1404.73554000,1718097952997,False,True
997,24961060,0.73900000,732.45000000,541.28055000,1718097952997,False,True
998,24961061,0.73900000,15.24000000,11.26236000,1718097952997,False,True
999,24961062,0.73900000,61.42000000,45.38938000,1718097953999,True,True
